@article{bartlett2006convexity,
  title={Convexity, classification, and risk bounds},
  author={Bartlett, Peter L and Jordan, Michael I and McAuliffe, Jon D},
  journal={Journal of the American Statistical Association},
  volume={101},
  number={473},
  pages={138--156},
  year={2006},
  publisher={Taylor \& Francis}
}

@article{de2016mean,
  title={Mean absolute percentage error for regression models},
  author={De Myttenaere, Arnaud and Golden, Boris and Le Grand, B{\'e}n{\'e}dicte and Rossi, Fabrice},
  journal={Neurocomputing},
  volume={192},
  pages={38--48},
  year={2016},
  publisher={Elsevier}
}
